<?xml version="1.0" encoding="UTF-8"?><collection xmlns="http://www.loc.gov/MARC21/slim"><record><leader>00516nam--2200157-i-4500</leader><controlfield tag="001">000028827</controlfield><controlfield tag="002">20161230</controlfield><controlfield tag="005">20170118171338</controlfield><controlfield tag="008">060222s1000------------r-----000-0-eng-d</controlfield><datafield ind1=" " ind2=" " tag="080"><subfield code="a">541.14:535.35(043)</subfield></datafield><datafield ind1=" " ind2=" " tag="100"><subfield code="a">Lapersonne, Claudette Nee Meyer</subfield></datafield><datafield ind1=" " ind2=" " tag="245"><subfield code="a">Luminescence differee de verres organiques irradies: etude de la repartition spatiale et de la recombinaison dses expeces chargees piegees</subfield><subfield code="b">these</subfield></datafield><datafield ind1=" " ind2=" " tag="260"><subfield code="a">Paris</subfield><subfield code="b">Universite</subfield><subfield code="c">1978</subfield></datafield><datafield ind1=" " ind2=" " tag="300"><subfield code="a">101 p</subfield></datafield><datafield ind1=" " ind2=" " tag="852"><subfield code="a">48475</subfield></datafield><datafield ind1=" " ind2=" " tag="CAT"><subfield code="a">SYS</subfield><subfield code="c">20170118</subfield><subfield code="h">171338</subfield></datafield></record></collection>